--- Livres ---
@book{
	NOM12,
	title = {Titre du livre},
	author = {Nom, Prénom and Nom2, Prénom2 and Nom3, Prénom3},
	year = {2012},
	publisher= {Éditeur}
}		

--- Thèses ---
@PhDThesis{
	NOM00,
	title = {Titre de la thèse},
	author = {Nom, Prénom},
	school = {Université},
	year = {2000}
}

--- Article de journaux ---
@article{ 
	NOM05,
	title = {Titre de l'article},
	author = {Nom, Prénom and Nom, Prénom},
	journal = {Journal},
	year = {2005},
	month = {Octobre},
	volume = {3},
	number = {2}, 
}		

--- Article de conférence ---		
@inproceedings{
	NOM09,
	title = {Titre de la publication},
	author = {Nom, Prénom and Nom, Prénom},
	booktitle = {Titre de la conférence},
	year = {2009},
	month = {Décembre},
	pages = {3-10},
}		

--- Rapport ---		
@techreport{
	NOM07,
	title = {Titre du rapport},
	author = {Nom, Prénom and Nom, Prénom and Nom, Prénom and Nom, Prénom},
	institution = {Université},
	year = {2007},
}	

--- Site web---		
@misc{
  WEB13,
  title = {{Nom du siteweb}},
  author = {Nom, Prénom and Nom, Prénom and Nom, Prénom},
  howpublished = {{\textit{http://www.mon-site.fr}}},
  year = {2013}, 
  note = "[site-web]"
}
